<record><leader>00000cas a22000007a 4500</leader><controlfield tag="001">10528411</controlfield><controlfield tag="008">840316d18691904pauwr ne      0    0eng d</controlfield><datafield ind1=" " ind2=" " tag="010"><subfield code="a">sn 84026598 </subfield></datafield><datafield ind1=" " ind2=" " tag="040"><subfield code="a">NPU</subfield><subfield code="b">eng</subfield><subfield code="c">NPU</subfield><subfield code="d">NPH</subfield><subfield code="d">NPX</subfield><subfield code="d">NPH</subfield><subfield code="d">OCLCQ</subfield></datafield><datafield ind1=" " ind2=" " tag="042"><subfield code="a">msc</subfield></datafield><datafield ind1="0" ind2="0" tag="245"><subfield code="a">Tunkhannock Republican.</subfield></datafield><datafield ind1=" " ind2=" " tag="260"><subfield code="a">Tunkhannock, Wyoming Co., Pa. :</subfield><subfield code="b">A.F. Yost,</subfield><subfield code="c">1869-1904.</subfield></datafield><datafield ind1=" " ind2=" " tag="300"><subfield code="a">35 v. ;</subfield><subfield code="c">71 cm.</subfield></datafield><datafield ind1=" " ind2=" " tag="310"><subfield code="a">Weekly</subfield></datafield><datafield ind1="0" ind2=" " tag="362"><subfield code="a">Vol. 1, no. 1 (Aug. 5, 1869)-v. 35, no. 27 (Feb. 5, 1904).</subfield></datafield><datafield ind1=" " ind2=" " tag="500"><subfield code="a">Proprietor: Perry Marcy, &lt;1873&gt;.</subfield></datafield><datafield ind1=" " ind2=" " tag="500"><subfield code="a">Publishers: Albert F. Yost, Aug. 5, 1869-&lt;1873&gt;; Cyrus D. Camp, &lt;1876&gt;.</subfield></datafield><datafield ind1=" " ind2=" " tag="500"><subfield code="a">"Republican."</subfield></datafield><datafield ind1=" " ind2=" " tag="500"><subfield code="a">Editor: Cyrus D. Camp, &lt;1876&gt;.</subfield></datafield><datafield ind1=" " ind2=" " tag="752"><subfield code="a">United States</subfield><subfield code="b">Pennsylvania</subfield><subfield code="c">Wyoming</subfield><subfield code="d">Tunkhannock.</subfield></datafield><datafield ind1="0" ind2="7" tag="785"><subfield code="t">New age (Tunkhannock, Pa.)</subfield><subfield code="w">(DLC)sn 86081871</subfield></datafield><datafield ind1="0" ind2="7" tag="785"><subfield code="t">Tunkhannock Republican and new age</subfield><subfield code="w">(DLC)sn 87080112</subfield></datafield><datafield ind1="1" ind2=" " tag="029"><subfield code="a">AU@</subfield><subfield code="b">000025785325</subfield></datafield></record>